@Book{ Oka99,
	title = "Purely functional data structures",
	author = "C. Okasaki",
	publisher = "Cambridge University Press",
	year = "1999"
}

@PhDThesis{ Nor07,
	title = "Towards a practical programming language based on dependent type theory",
	author = "U. Norell",
	school = "Chalmers University of Technology",
	year = "2007",
	abstract = "Agda paper",
	url = "http://www.cse.chalmers.se/~ulfn/papers/thesis.html"
}

@Misc{ Abel12,
	title = "Agda - Equality",
	author = "A. Abel",
	month = jul,
	year = "2012",
	url = "http://www2.tcs.ifi.lmu.de/~abel/Equality.pdf"
}

@Article{ Abe08,
	title = "Semi-Continuous Sized Types And Termination",
	author = "A. Abel",
	journal = "Logical Methods in Computer Science",
	volume = "4",
	number = "2",
	year = "2008",
	url = "http://www2.tcs.ifi.lmu.de/~abel/lmcs07.pdf"
}

@InCollection{ MarPey12,
	title = "The {G}lasgow {H}askell {C}ompiler",
	author = "S. Marlow and S. {Peyton Jones}",
	editor = "A. Brown and G. Wilson",
	chapter = "5",
	volume = "II",
	year = "2012",
	booktitle = "The Architecture of Open Source Applications",
	url = "http://www.aosabook.org/en/ghc.html"
}

@Article{ ChoSah96,
	title = "Weight Biased Leftist Trees and Modified Skip Lists",
	author = "S. Cho and S. Sahni",
	journal = "Journal of Experimetnal Algorithmics",
	pages = "361--370",
	volume = "3",
	year = "1996",
	url = "http://citeseerx.ist.psu.edu/viewdoc/summary?doi=10.1.1.13.2962"
}

@Unpublished{ AltMcBMcK05,
	title = "Why Dependent Types Matter",
	author = "T. Altenkirch and C. McBride and J. McKinna",
	year = "2006",
	note = "Submitted to ICFP 2005.",
	url = "http://strictlypositive.org/ydtm.ps.gz"
}

@Article{ Bra13,
	title = "Idris, a general-purpose dependently typed programming language: Design and implementation",
	author = "E. Brady",
	journal = "Journal of Functional Programming",
	pages = "552--593",
	volume = "23",
	number = "5",
	month = sep,
	year = "2013",
	url = "http://eb.host.cs.st-andrews.ac.uk/drafts/impldtp.pdf"
}

@Misc{ js-github,
	title = "Companion code at {G}it{H}ub",
	author = "J. Stolarek",
	month = jan,
	year = "2014",
	url = "https://github.com/jstolarek/dep-typed-wbl-heaps",
	howpublished = "\url{https://github.com/jstolarek/dep-typed-wbl-heaps}"
}

